<record xmlns="http://www.loc.gov/MARC21/slim" xmlns:xsi="http://www.w3.org/2001/XMLSchema-instance" xsi:schemaLocation="http://www.loc.gov/MARC21/slim http://www.loc.gov/standards/marcxml/schema/MARC21slim.xsd"><leader>02252nam a2200445   4500</leader><controlfield tag="001">3072728</controlfield><controlfield tag="003">NNC</controlfield><controlfield tag="006">m        d        </controlfield><controlfield tag="007">cr cn |||m|||a</controlfield><controlfield tag="008">150110s1950    iq      ob    000 0 arard</controlfield><datafield ind1=" " ind2=" " tag="040"><subfield code="a">NNU</subfield><subfield code="b">eng</subfield><subfield code="e">rda</subfield><subfield code="c">NNU</subfield></datafield><datafield ind1=" " ind2=" " tag="043"><subfield code="a">ma-----</subfield></datafield><datafield ind1=" " ind2="4" tag="050"><subfield code="a">ML332</subfield><subfield code="b">.I24 1950</subfield></datafield><datafield ind1="1" ind2=" " tag="100"><subfield code="6">880-01</subfield><subfield code="a">Ibn al-Munajjim, Yah&#803;ya&#769; ibn &#699;Ali&#772;,</subfield><subfield code="d">855 or 856-912.</subfield></datafield><datafield ind1="1" ind2="0" tag="245"><subfield code="6">880-02</subfield><subfield code="a">Kita&#772;b al-Nagham :</subfield><subfield code="b">Manqu&#772;l &#699;an nuskhah mus&#803;awwarah &#699;an al-nuskhah al-wah&#803;i&#772;dah bi-al-Math&#803;af al-Birit&#803;a&#772;ni&#772; /</subfield><subfield code="c">H&#803;aqqaqahu wa &#699;allaqa &#699;alayhi Muh&#803;ammad Bahjat al-Athari&#772;.</subfield></datafield><datafield ind1="3" ind2=" " tag="246"><subfield code="6">880-03</subfield><subfield code="a">Nagham</subfield></datafield><datafield ind1=" " ind2=" " tag="260"><subfield code="6">880-04</subfield><subfield code="a">Baghda&#772;d :</subfield><subfield code="b">Mat&#803;ba&#699;at al-Ra&#772;bit&#803;ah,</subfield><subfield code="c">1950.</subfield></datafield><datafield ind1=" " ind2=" " tag="300"><subfield code="a">online resource (9, 11 pages)</subfield></datafield><datafield ind1=" " ind2=" " tag="336"><subfield code="a">text</subfield><subfield code="2">rdacontent</subfield></datafield><datafield ind1=" " ind2=" " tag="337"><subfield code="a">computer</subfield><subfield code="2">rdamedia</subfield></datafield><datafield ind1=" " ind2=" " tag="338"><subfield code="a">online resource</subfield><subfield code="2">rdacarrier</subfield></datafield><datafield ind1=" " ind2=" " tag="500"><subfield code="a">Part of the Arabic Collections Online (ACO) project, contributed by Columbia University Libraries.</subfield></datafield><datafield ind1=" " ind2=" " tag="504"><subfield code="a">Includes bibliographical references.</subfield></datafield><datafield ind1=" " ind2=" " tag="533"><subfield code="a">Electronic reproduction.</subfield><subfield code="b">New York, N.Y. :</subfield><subfield code="c">New York University,</subfield><subfield code="d">2015.</subfield><subfield code="5">NNU</subfield></datafield><datafield ind1=" " ind2="0" tag="650"><subfield code="a">Music</subfield><subfield code="z">Arab countries</subfield><subfield code="x">History and criticism.</subfield></datafield><datafield ind1=" " ind2="7" tag="650"><subfield code="a">Music</subfield><subfield code="x">Instruction and study.</subfield><subfield code="2">fast</subfield><subfield code="0">(OCoLC)fst01030347</subfield></datafield><datafield ind1=" " ind2="7" tag="651"><subfield code="a">Arab countries.</subfield><subfield code="2">fast</subfield><subfield code="0">(OCoLC)fst01240128</subfield></datafield><datafield ind1=" " ind2="7" tag="655"><subfield code="a">Criticism, interpretation, etc.</subfield><subfield code="2">fast</subfield><subfield code="0">(OCoLC)fst01411635</subfield></datafield><datafield ind1="1" ind2=" " tag="700"><subfield code="6">880-05</subfield><subfield code="a">Athari&#772;, Muh&#803;ammad Bahjat. </subfield></datafield><datafield ind1="2" ind2=" " tag="710"><subfield code="a">Columbia University.</subfield><subfield code="b">Libraries.</subfield></datafield><datafield ind1="0" ind2=" " tag="730"><subfield code="a">Arabic Collections Online.</subfield></datafield><datafield ind1="0" ind2="8" tag="776"><subfield code="i">Print version:</subfield><subfield code="a">Ibn al-Munajjim, Yah&#803;ya&#769; ibn &#699;Ali&#772;, 855 or 856-912.</subfield><subfield code="t">Kita&#772;b al-Nagham</subfield><subfield code="w">(NNC)3072728</subfield><subfield code="w">(OCoLC)18571959</subfield></datafield><datafield ind1="4" ind2="0" tag="856"><subfield code="u">http://hdl.handle.net/2333.1/7h44j2t6</subfield></datafield><datafield ind1="1" ind2=" " tag="880"><subfield code="6">100-01/r</subfield><subfield code="a">&#1575;&#1576;&#1606; &#1575;&#1604;&#1605;&#1606;&#1580;&#1605;&#1548; &#1610;&#1581;&#1610;&#1609; &#1576;&#1606; &#1593;&#1604;&#1610;&#1548; </subfield><subfield code="d">855 or 856-912.</subfield></datafield><datafield ind1="1" ind2="0" tag="880"><subfield code="6">245-02/r</subfield><subfield code="a">&#1603;&#1578;&#1575;&#1576; &#1575;&#1604;&#1606;&#1594;&#1605; :</subfield><subfield code="b">&#1605;&#1606;&#1602;&#1608;&#1604; &#1593;&#1606; &#1606;&#1587;&#1582;&#1577; &#1605;&#1589;&#1608;&#1585;&#1577; &#1593;&#1606; &#1575;&#1604;&#1606;&#1587;&#1582;&#1577; &#1575;&#1604;&#1608;&#1581;&#1610;&#1583;&#1577; &#1576;&#1575;&#1604;&#1605;&#1578;&#1581;&#1601; &#1575;&#1604;&#1576;&#1585;&#1591;&#1575;&#1606;&#1610; /</subfield><subfield code="c">&#1581;&#1602;&#1602;&#1607; &#1608; &#1593;&#1604;&#1602; &#1593;&#1604;&#1610;&#1607; &#1605;&#1581;&#1605;&#1583; &#1576;&#1607;&#1580;&#1577; &#1575;&#1604;&#1575;&#1579;&#1585;&#1610;.</subfield></datafield><datafield ind1="3" ind2=" " tag="880"><subfield code="6">246-03/r</subfield><subfield code="a">&#1606;&#1594;&#1605;</subfield></datafield><datafield ind1=" " ind2=" " tag="880"><subfield code="6">260-04/r</subfield><subfield code="a">&#1576;&#1594;&#1583;&#1575;&#1583; :</subfield><subfield code="b">&#1605;&#1591;&#1576;&#1593;&#1577; &#1575;&#1604;&#1585;&#1575;&#1576;&#1591;&#1577;&#1548;</subfield><subfield code="c">1950.</subfield></datafield><datafield ind1="1" ind2=" " tag="880"><subfield code="6">700-05/r</subfield><subfield code="a">&#1571;&#1579;&#1585;&#1610;&#1548; &#1605;&#1581;&#1605;&#1583; &#1576;&#1607;&#1580;&#1578;.</subfield></datafield><datafield ind1=" " ind2=" " tag="959"><subfield code="a">NNU</subfield><subfield code="b">WEB</subfield><subfield code="c">GENI</subfield><subfield code="t">0</subfield><subfield code="m">Electronic access</subfield><subfield code="s">01</subfield></datafield><datafield ind1=" " ind2=" " tag="999"><subfield code="i">NNC_3072728</subfield><subfield code="o">(OCoLC)18571959</subfield></datafield></record>